<record><leader>00000cas a22000007a 4500</leader><controlfield tag="001">1714933</controlfield><controlfield tag="008">751019d18941897mnuwr ne      0    0eng d</controlfield><controlfield tag="009">501</controlfield><datafield ind1=" " ind2=" " tag="010"><subfield code="a">sn 90060449 </subfield></datafield><datafield ind1=" " ind2=" " tag="040"><subfield code="a">MUL</subfield><subfield code="b">eng</subfield><subfield code="c">MUL</subfield><subfield code="d">OCL</subfield><subfield code="d">MN#</subfield><subfield code="d">OCLCQ</subfield></datafield><datafield ind1="1" ind2=" " tag="029"><subfield code="a">AU@</subfield><subfield code="b">000025907905</subfield></datafield><datafield ind1=" " ind2=" " tag="042"><subfield code="a">msc</subfield></datafield><datafield ind1=" " ind2=" " tag="043"><subfield code="a">n-us-mn</subfield></datafield><datafield ind1=" " ind2=" " tag="052"><subfield code="a">4144</subfield><subfield code="b">R18</subfield></datafield><datafield ind1=" " ind2=" " tag="052"><subfield code="a">4143</subfield><subfield code="b">K6</subfield></datafield><datafield ind1="0" ind2="0" tag="245"><subfield code="a">Rainy Lake journal.</subfield></datafield><datafield ind1=" " ind2=" " tag="260"><subfield code="a">Rainy Lake City, Itasca County, Minn. :</subfield><subfield code="b">[s.n.],</subfield><subfield code="c">1894-1897.</subfield></datafield><datafield ind1=" " ind2=" " tag="300"><subfield code="a">4 v.</subfield></datafield><datafield ind1=" " ind2=" " tag="310"><subfield code="a">Weekly</subfield></datafield><datafield ind1="0" ind2=" " tag="362"><subfield code="a">Vol. 1, no. 1 (June 28, 1894)-v. 4, no. 17 (Oct. 21, 1897).</subfield></datafield><datafield ind1=" " ind2=" " tag="530"><subfield code="a">Available on microfilm from the Minnesota Historical Society.</subfield></datafield><datafield ind1=" " ind2="0" tag="651"><subfield code="a">Rainy Lake City (Minn.)</subfield><subfield code="v">Newspapers.</subfield></datafield><datafield ind1=" " ind2=" " tag="752"><subfield code="a">United States</subfield><subfield code="b">Minnesota</subfield><subfield code="c">Koochiching</subfield><subfield code="d">Rainy Lake City.</subfield></datafield><datafield ind1="0" ind2="0" tag="785"><subfield code="t">Rainy Lake herald (Rainy Lake City, Minn.)</subfield><subfield code="w">(DLC)sn 90060450</subfield></datafield></record>